%% This BibTeX bibliography file was created using BibDesk.
%% http://bibdesk.sourceforge.net/

%% Created for Philipp Sterzinger at 2021-12-03 10:44:09 +0100 


%% Saved with string encoding Unicode (UTF-8) 
@book{rigollet2015high,
	address = { https://ocw.mit.edu},
	author = {Philippe Rigollet},
	date-added = {2022-03-03 13:56:51 +0100},
	date-modified = {2022-03-03 14:08:23 +0100},
	publisher = {Massachusetts Institute of Technology: MIT OpenCourseWare},
	title = {18.S997 High-Dimensional Statistics},
	year = {2015}}



@article{sauter2016quasi,
  title={Quasi-complete separation in random effects of binary response mixed models},
  author={Sauter, Rafael and Held, Leonhard},
  journal={Journal of Statistical Computation and Simulation},
  volume={86},
  number={14},
  pages={2781--2796},
  year={2016},
  publisher={Taylor \& Francis}
}


@article{stringer2022fitting,
  title={Fitting Generalized Linear Mixed Models using Adaptive Quadrature},
  author={Stringer, Alex and Bilodeau, Blair},
  journal={arXiv preprint arXiv:2202.07864},
  year={2022}
}


@article{ogden2021error,
  title={On the error in Laplace approximations of high-dimensional integrals},
  author={Ogden, Helen},
  journal={Stat},
  volume={10},
  number={1},
  pages={e380},
  year={2021},
  publisher={Wiley Online Library}
}


@Inbook{Marshall2011,
author="Marshall, Albert W.
and Olkin, Ingram
and Arnold, Barry C.",
title="Matrix Theory",
bookTitle="Inequalities: Theory of Majorization and Its Applications",
year="2011",
publisher="Springer New York",
address="New York, NY",
pages="297--365"
}



@misc{harville1998matrix,
	author = {Harville, David A},
	publisher = {Taylor \& Francis},
	title = {Matrix algebra from a statistician's perspective},
	year = {1998}}


@misc{bolker2018digression,
	author = {Ben Bolker},
	howpublished = {GitHub},
	note = {URL: https://bbolker.github.io/mixedmodels-misc/ecostats\_chap.html\#digression-complete-separation},
	title = {GLMM worked examples, digression: complete separation},
	year = {2018},
	Bdsk-File-1 = {YnBsaXN0MDDSAQIDBFxyZWxhdGl2ZVBhdGhZYWxpYXNEYXRhXxA3Li4vLi4vLi4vLi4vRG93bmxvYWRzLzEwLjEwMDdfQkYwMTY0NzMzMS1jaXRhdGlvbi0xLnJpc08RAcwAAAAAAcwAAgAADE1hY2ludG9zaCBIRAAAAAAAAAAAAAAAAAAAANJIwAFIKwAAAApdfh8xMC4xMDA3X0JGMDE2NDczMzEtIzQyQkI1NDcucmlzAAAAAAAAAAAAAAAAAAAAAAAAAAAAAAAAAAAAAAAAAAAEK7VH3c+gxQAAAAAAAAAAAAQAAgAACSAAAAAAAAAAAAAAAAAAAAAJRG93bmxvYWRzAAAQAAgAANJIo+EAAAARAAgAAN3PkrUAAAABAAwACl1+AAoPHQAGKpoAAgBHTWFjaW50b3NoIEhEOlVzZXJzOgBQaGlsaXBwOgBEb3dubG9hZHM6ADEwLjEwMDdfQkYwMTY0NzMzMS0jNDJCQjU0Ny5yaXMAAA4ARAAhADEAMAAuADEAMAAwADcAXwBCAEYAMAAxADYANAA3ADMAMwAxAC0AYwBpAHQAYQB0AGkAbwBuAC0AMQAuAHIAaQBzAA8AGgAMAE0AYQBjAGkAbgB0AG8AcwBoACAASABEABIAOVVzZXJzL1BoaWxpcHAvRG93bmxvYWRzLzEwLjEwMDdfQkYwMTY0NzMzMS1jaXRhdGlvbi0xLnJpcwAAEwABLwAAFQACAA7//wAAAAgADQAaACQAXgAAAAAAAAIBAAAAAAAAAAUAAAAAAAAAAAAAAAAAAAIu}}

@misc{singmann2012stack,
	author = {Henrik Singmann},
	howpublished = {Cross Validated},
	note = {URL: https://stats.stackexchange.com/q/38493 (version: 2015-04-22)},
	title = {How to deal with quasi-complete separation in a logistic GLMM?},
	year = {2012}}

@book{magnus2019matrix,
	author = {Magnus, Jan R and Neudecker, Heinz},
	publisher = {John Wiley \& Sons},
	title = {Matrix differential calculus with applications in statistics and econometrics},
	year = {2019}}

@article{singmann2016probabilistic,
	author = {Henrik Singmann and Karl Christoph Klauer and Sieghard Beller},
	journal = {Cognitive Psychology},
	pages = {61-87},
	title = {Probabilistic conditional reasoning: Disentangling form and content with the dual-source model},
	volume = {88},
	year = {2016}}

@article{zorn2005solution,
	author = {Zorn, Christopher},
	journal = {Political Analysis},
	number = {2},
	pages = {157--170},
	publisher = {Cambridge University Press},
	title = {A solution to separation in binary response models},
	volume = {13},
	year = {2005}}

@manual{repmis,
	author = {Christopher Gandrud},
	note = {R package version 0.5},
	title = {repmis: Miscellaneous Tools for Reproducible Research},
	url = {https://CRAN.R-project.org/package=repmis},
	year = {2016},
	Bdsk-Url-1 = {https://CRAN.R-project.org/package=repmis}}

@manual{RCurl,
	author = {Duncan {Temple Lang}},
	note = {R package version 1.98-1.5},
	title = {RCurl: General Network (HTTP/FTP/...) Client Interface for R},
	url = {https://CRAN.R-project.org/package=RCurl},
	year = {2021},
	Bdsk-Url-1 = {https://CRAN.R-project.org/package=RCurl}}

@article{MCMCglmm,
	author = {Jarrod D Hadfield},
	journal = {Journal of Statistical Software},
	number = {2},
	pages = {1--22},
	title = {MCMC Methods for Multi-Response Generalized Linear Mixed Models: The {MCMCglmm} {R} Package},
	url = {https://www.jstatsoft.org/v33/i02/},
	volume = {33},
	year = {2010},
	Bdsk-Url-1 = {https://www.jstatsoft.org/v33/i02/}}

@incollection{knitr,
	author = {Yihui Xie},
	booktitle = {Implementing Reproducible Computational Research},
	editor = {Victoria Stodden and Friedrich Leisch and Roger D. Peng},
	note = {ISBN 978-1466561595},
	publisher = {Chapman and Hall/CRC},
	title = {knitr: A Comprehensive Tool for Reproducible Research in {R}},
	url = {http://www.crcpress.com/product/isbn/9781466561595},
	year = {2014},
	Bdsk-Url-1 = {http://www.crcpress.com/product/isbn/9781466561595}}

@manual{kableExtra,
	author = {Hao Zhu},
	note = {R package version 1.3.4},
	title = {kableExtra: Construct Complex Table with 'kable' and Pipe Syntax},
	url = {https://CRAN.R-project.org/package=kableExtra},
	year = {2021},
	Bdsk-Url-1 = {https://CRAN.R-project.org/package=kableExtra}}

@manual{dotwhisker,
	author = {Frederick Solt and Yue Hu},
	note = {R package version 0.7.4},
	title = {dotwhisker: Dot-and-Whisker Plots of Regression Results},
	url = {https://CRAN.R-project.org/package=dotwhisker},
	year = {2021},
	Bdsk-Url-1 = {https://CRAN.R-project.org/package=dotwhisker}}

@manual{broom.mixed,
	author = {Ben Bolker and David Robinson},
	note = {R package version 0.2.7},
	title = {broom.mixed: Tidying Methods for Mixed Models},
	url = {https://CRAN.R-project.org/package=broom.mixed},
	year = {2021},
	Bdsk-Url-1 = {https://CRAN.R-project.org/package=broom.mixed}}

@article{blme,
	author = {Yeojin Chung and Sophia Rabe-Hesketh and Vincent Dorie and Andrew Gelman and Jingchen Liu},
	doi = {10.1007/s11336-013-9328-2},
	journal = {Psychometrika},
	number = {4},
	pages = {685--709},
	publisher = {Springer},
	title = {A nondegenerate penalized likelihood estimator for variance parameters in multilevel models},
	volume = {78},
	year = {2013},
	Bdsk-Url-1 = {https://doi.org/10.1007/s11336-013-9328-2}}

@manual{RColorBrewer,
	author = {Erich Neuwirth},
	note = {R package version 1.1-2},
	title = {RColorBrewer: ColorBrewer Palettes},
	url = {https://CRAN.R-project.org/package=RColorBrewer},
	year = {2014},
	Bdsk-Url-1 = {https://CRAN.R-project.org/package=RColorBrewer}}

@manual{gridExtra,
	author = {Baptiste Auguie},
	note = {R package version 2.3},
	title = {gridExtra: Miscellaneous Functions for "Grid" Graphics},
	url = {https://CRAN.R-project.org/package=gridExtra},
	year = {2017},
	Bdsk-Url-1 = {https://CRAN.R-project.org/package=gridExtra}}

@manual{tikzDevice,
	author = {Charlie Sharpsteen and Cameron Bracken},
	note = {R package version 0.12.3.1},
	title = {tikzDevice: R Graphics Output in LaTeX Format},
	url = {https://CRAN.R-project.org/package=tikzDevice},
	year = {2020},
	Bdsk-Url-1 = {https://CRAN.R-project.org/package=tikzDevice}}

@manual{xtable,
	author = {David B. Dahl and David Scott and Charles Roosen and Arni Magnusson and Jonathan Swinton},
	note = {R package version 1.8-4},
	title = {xtable: Export Tables to LaTeX or HTML},
	url = {https://CRAN.R-project.org/package=xtable},
	year = {2019},
	Bdsk-Url-1 = {https://CRAN.R-project.org/package=xtable}}

@manual{Hmisc,
	author = {Frank E {Harrell Jr} and with contributions from Charles Dupont and many others.},
	note = {R package version 4.5-0},
	title = {Hmisc: Harrell Miscellaneous},
	url = {https://CRAN.R-project.org/package=Hmisc},
	year = {2021},
	Bdsk-Url-1 = {https://CRAN.R-project.org/package=Hmisc}}

@manual{ggrepel,
	author = {Kamil Slowikowski},
	note = {R package version 0.9.1},
	title = {ggrepel: Automatically Position Non-Overlapping Text Labels with 'ggplot2'},
	url = {https://CRAN.R-project.org/package=ggrepel},
	year = {2021},
	Bdsk-Url-1 = {https://CRAN.R-project.org/package=ggrepel}}

@manual{dplyr,
	note = {R package version 1.0.7},
	title = {dplyr: A Grammar of Data Manipulation},
	url = {https://CRAN.R-project.org/package=dplyr},
	year = {2021},
	Bdsk-Url-1 = {https://CRAN.R-project.org/package=dplyr}}

@manual{cowplot,
	author = {Claus O. Wilke},
	note = {R package version 1.1.1},
	title = {cowplot: Streamlined Plot Theme and Plot Annotations for 'ggplot2'},
	url = {https://CRAN.R-project.org/package=cowplot},
	year = {2020},
	Bdsk-Url-1 = {https://CRAN.R-project.org/package=cowplot}}

@manual{latex2exp,
	author = {Stefano Meschiari},
	note = {R package version 0.5.0},
	title = {latex2exp: Use LaTeX Expressions in Plots},
	url = {https://CRAN.R-project.org/package=latex2exp},
	year = {2021},
	Bdsk-Url-1 = {https://CRAN.R-project.org/package=latex2exp}}

@book{ggplot2,
	author = {Hadley Wickham},
	isbn = {978-3-319-24277-4},
	publisher = {Springer-Verlag New York},
	title = {ggplot2: Elegant Graphics for Data Analysis},
	url = {https://ggplot2.tidyverse.org},
	year = {2016},
	Bdsk-Url-1 = {https://ggplot2.tidyverse.org}}

@article{statmod,
	author = {Peter K. Dunn and Gordon K. Smyth},
	journal = {J. Comput. Graph. Statist},
	pages = {236-244},
	title = {Randomized quantile residuals},
	volume = {5},
	year = {1996}}

@article{yu2018asymptotic,
	author = {Yu, Dalei and Zhang, Xinyu and Yau, Kelvin KW},
	journal = {Journal of the Royal Statistical Society: Series B (Statistical Methodology)},
	number = {4},
	pages = {817--836},
	publisher = {Wiley Online Library},
	title = {Asymptotic properties and information criteria for misspecified generalized linear mixed models},
	volume = {80},
	year = {2018}}

@phdthesis{kyriakou2018reduced,
	author = {Kyriakou, Sophia},
	school = {UCL (University College London)},
	title = {Reduced-bias estimation and inference for mixed-effects models},
	year = {2018}}

@manual{benbolkerstack,
	author = {Ben Bolker},
	date-added = {2021-08-23 11:49:01 +0200},
	date-modified = {2021-08-23 11:50:18 +0200},
	lastchecked = {23.08.2021},
	month = 12,
	title = {Mac-specific misbehaviour documented on stats.stackexchange.com \#21},
	url = {https://github.com/lme4/lme4/issues/21},
	year = 2012,
	Bdsk-Url-1 = {https://github.com/lme4/lme4/issues/21}}

@article{rodriguez1995assessment,
	author = {Rodriguez, Germ{\'a}an and Goldman, Noreen},
	journal = {Journal of the Royal Statistical Society: Series A (Statistics in Society)},
	number = {1},
	pages = {73--89},
	publisher = {Wiley Online Library},
	title = {An assessment of estimation procedures for multilevel models with binary responses},
	volume = {158},
	year = {1995}}

@book{mccullagh2019generalized,
	author = {McCullagh, Peter and Nelder, John A},
	publisher = {Routledge},
	title = {Generalized linear models},
	year = {2019}}

@article{sung2006verifying,
	author = {Sung, Yun Ju and Geyer, Charles J},
	publisher = {Citeseer},
	title = {Verifying Regularity Conditions for Logit-Normal GLMM},
	year = {2006}}

@article{sung2007monte,
	author = {Sung, Yun Ju and Geyer, Charles J},
	journal = {The Annals of Statistics},
	number = {3},
	pages = {990--1011},
	publisher = {Institute of Mathematical Statistics},
	title = {Monte Carlo likelihood inference for missing data models},
	volume = {35},
	year = {2007}}

@phdthesis{knudson2016monte,
	author = {Knudson, Christina},
	school = {University of Minnesota},
	title = {Monte Carlo likelihood approximation for generalized linear mixed models},
	year = {2016}}

@book{robert2013monte,
	author = {Robert, Christian and Casella, George},
	publisher = {Springer Science \& Business Media},
	title = {Monte Carlo statistical methods},
	year = {2013}}

@article{golub1969calculation,
	author = {Golub, Gene H and Welsch, John H},
	journal = {Mathematics of computation},
	number = {106},
	pages = {221--230},
	title = {Calculation of Gauss quadrature rules},
	volume = {23},
	year = {1969}}

@manual{numDeriv,
	author = {Paul Gilbert and Ravi Varadhan},
	note = {R package version 2016.8-1.1},
	title = {numDeriv: Accurate Numerical Derivatives},
	url = {https://CRAN.R-project.org/package=numDeriv},
	year = {2019},
	Bdsk-Url-1 = {https://CRAN.R-project.org/package=numDeriv}}

@manual{brglm2,
	author = {Ioannis Kosmidis},
	note = {R package version 0.8.0},
	title = {{brglm2}: Bias Reduction in Generalized Linear Models},
	url = {https://CRAN.R-project.org/package=brglm2},
	year = {2021},
	Bdsk-Url-1 = {https://CRAN.R-project.org/package=brglm2}}

@article{pasch2013interspecific,
	author = {Pasch, Bret and Bolker, Benjamin M and Phelps, Steven M},
	journal = {The American Naturalist},
	number = {5},
	pages = {E161--E173},
	publisher = {University of Chicago Press Chicago, IL},
	title = {Interspecific dominance via vocal interactions mediates altitudinal zonation in neotropical singing mice},
	volume = {182},
	year = {2013}}

@article{zhao2006general,
	author = {Zhao, Yihua and Staudenmayer, John and Coull, Brent A and Wand, Matthew P},
	journal = {Statistical science},
	pages = {35--51},
	publisher = {JSTOR},
	title = {General design Bayesian generalized linear mixed models},
	year = {2006}}

@article{wolfinger1993generalized,
	author = {Wolfinger, Russ and O'connell, Michael},
	journal = {Journal of statistical Computation and Simulation},
	number = {3-4},
	pages = {233--243},
	publisher = {Taylor \& Francis},
	title = {Generalized linear mixed models a pseudo-likelihood approach},
	volume = {48},
	year = {1993}}

@article{schall1991estimation,
	author = {Schall, Robert},
	journal = {Biometrika},
	number = {4},
	pages = {719--727},
	publisher = {Oxford University Press},
	title = {Estimation in generalized linear models with random effects},
	volume = {78},
	year = {1991}}

@article{raudenbush2000maximum,
	author = {Raudenbush, Stephen W and Yang, Meng-Li and Yosef, Matheos},
	journal = {Journal of computational and Graphical Statistics},
	number = {1},
	pages = {141--157},
	publisher = {Taylor \& Francis},
	title = {Maximum likelihood for generalized linear models with nested random effects via high-order, multivariate Laplace approximation},
	volume = {9},
	year = {2000}}

@article{breslow1993approximate,
	author = {Breslow, Norman E and Clayton, David G},
	journal = {Journal of the American statistical Association},
	number = {421},
	pages = {9--25},
	publisher = {Taylor \& Francis},
	title = {Approximate inference in generalized linear mixed models},
	volume = {88},
	year = {1993}}

@book{wainwright2019high,
	author = {Wainwright, Martin J},
	publisher = {Cambridge University Press},
	title = {High-dimensional statistics: A non-asymptotic viewpoint},
	volume = {48},
	year = {2019}}

@article{zhan2005extremal,
	author = {Zhan, Xingzhi},
	journal = {SIAM journal on matrix analysis and applications},
	number = {3},
	pages = {851--860},
	publisher = {SIAM},
	title = {Extremal eigenvalues of real symmetric matrices with entries in an interval},
	volume = {27},
	year = {2005}}

@misc{baumgartner2011inequality,
	archiveprefix = {arXiv},
	author = {Bernhard Baumgartner},
	eprint = {1106.6189},
	primaryclass = {math-ph},
	title = {An inequality for the trace of matrix products, using absolute values},
	year = {2011}}

@inproceedings{pollard1990empirical,
	author = {Pollard, David},
	booktitle = {NSF-CBMS regional conference series in probability and statistics},
	organization = {JSTOR},
	pages = {i--86},
	title = {Empirical processes: theory and applications},
	year = {1990}}

@article{hoadley1971asymptotic,
	author = {Hoadley, Bruce},
	journal = {The Annals of mathematical statistics},
	pages = {1977--1991},
	publisher = {JSTOR},
	title = {Asymptotic properties of maximum likelihood estimators for the independent not identically distributed case},
	year = {1971}}

@article{jiang2001mixed,
	author = {Jiang, Jiming},
	journal = {Statistics \& probability letters},
	number = {2},
	pages = {201--206},
	publisher = {Elsevier},
	title = {Mixed-effects models with random cluster sizes},
	volume = {53},
	year = {2001}}

@book{jiang2017asymptotic,
	author = {Jiang, Jiming},
	publisher = {Chapman and Hall/CRC},
	title = {Asymptotic analysis of mixed effects models: theory, applications, and open problems},
	year = {2017}}

@article{jiang2013subset,
	author = {Jiang, Jiming},
	journal = {The Annals of Statistics},
	number = {1},
	pages = {177--195},
	publisher = {Institute of Mathematical Statistics},
	title = {The subset argument and consistency of MLE in GLMM: Answer to an open problem and beyond},
	volume = {41},
	year = {2013}}

@book{jiang2010large,
	author = {Jiang, Jiming},
	publisher = {Springer Science \& Business Media},
	title = {Large sample techniques for statistics},
	year = {2010}}

@book{demidenko2013mixed,
	author = {Demidenko, Eugene},
	publisher = {John Wiley \& Sons},
	title = {Mixed models: theory and applications with R},
	year = {2013}}

@webpage{bolker2021github,
	author = {Ben Bolker},
	date-added = {2021-07-20 09:53:52 +0200},
	date-modified = {2021-07-20 09:55:55 +0200},
	lastchecked = {20.07.2021},
	url = {https://github.com/bbolker/mixedmodels-misc/tree/master/data},
	Bdsk-Url-1 = {https://github.com/bbolker/mixedmodels-misc/tree/master/data}}

@article{lesaffre1989partial,
	author = {Lesaffre, Emmanuel and Albert, Adelin},
	journal = {Journal of the Royal Statistical Society: Series B (Methodological)},
	number = {1},
	pages = {109--116},
	publisher = {Wiley Online Library},
	title = {Partial separation in logistic discrimination},
	volume = {51},
	year = {1989}}

@article{shen2008solution,
	author = {Shen, Jianzhao and Gao, Sujuan},
	journal = {Journal of data science: JDS},
	number = {4},
	pages = {515},
	publisher = {NIH Public Access},
	title = {A solution to separation and multicollinearity in multiple logistic regression},
	volume = {6},
	year = {2008}}

@article{zeng2019relationship,
	author = {Guoping Zeng and Emily Zeng},
	journal = {Communications in Statistics - Simulation and Computation},
	number = {0},
	pages = {1-9},
	publisher = {Taylor & Francis},
	title = {On the relationship between multicollinearity and separation in logistic regression},
	volume = {0},
	year = {2019}}

@article{gelman2008weakly,
	author = {Andrew Gelman and Aleks Jakulin and Maria Grazia Pittau and Yu-Sung Su},
	journal = {The Annals of Applied Statistics},
	number = {4},
	pages = {1360 -- 1383},
	publisher = {Institute of Mathematical Statistics},
	title = {{A weakly informative default prior distribution for logistic and other regression models}},
	volume = {2},
	year = {2008}}

@article{heinze2002solution,
	author = {Heinze, Georg and Schemper, Michael},
	journal = {Statistics in medicine},
	number = {16},
	pages = {2409--2419},
	publisher = {Wiley Online Library},
	title = {A solution to the problem of separation in logistic regression},
	volume = {21},
	year = {2002}}

@article{mckeon2012multiple,
	author = {McKeon, C. Seabird and Stier, Adrian C. and McIlroy, Shelby E. and Bolker, Benjamin M.},
	journal = {Oecologia},
	number = {4},
	pages = {1095--1103},
	title = {Multiple defender effects: synergistic coral defense by mutualist crustaceans},
	volume = {169},
	year = {2012}}

@phdthesis{konis2017linear,
	author = {Konis, K},
	date-added = {2021-07-04 11:26:06 +0200},
	date-modified = {2021-07-04 11:26:48 +0200},
	school = {University of Oxford},
	title = {Linear programming algorithms for detecting separated data in binary logistic regression models},
	year = {2007}}

@article{kosmidis2021jeffreys,
	author = {Kosmidis, Ioannis and Firth, David},
	journal = {Biometrika},
	month = {08},
	number = {1},
	pages = {71-82},
	title = {{Jeffreys-prior penalty, finiteness and shrinkage in binomial-response generalized linear models}},
	volume = {108},
	year = {2020}}

@manual{schumacher2021detect,
	author = {Ioannis Kosmidis and Dirk Schumacher},
	note = {R package version 0.2},
	title = {detectseparation: Detect and Check for Separation and Infinite Maximum Likelihood Estimates},
	url = {https://CRAN.R-project.org/package=detectseparation},
	year = {2021},
	Bdsk-Url-1 = {https://CRAN.R-project.org/package=detectseparation}}

@article{albert1984existence,
	author = {Albert, Adelin and Anderson, John A},
	journal = {Biometrika},
	number = {1},
	pages = {1--10},
	publisher = {Oxford University Press},
	title = {On the existence of maximum likelihood estimates in logistic regression models},
	volume = {71},
	year = {1984}}

@article{shun1995laplace,
	author = {Shun, Zhenming and McCullagh, Peter},
	journal = {Journal of the Royal Statistical Society: Series B (Methodological)},
	number = {4},
	pages = {749--760},
	publisher = {Wiley Online Library},
	title = {Laplace approximation of high dimensional integrals},
	volume = {57},
	year = {1995}}

@manual{R,
	address = {Vienna, Austria},
	author = {{R Core Team}},
	organization = {R Foundation for Statistical Computing},
	title = {R: A Language and Environment for Statistical Computing},
	url = {https://www.R-project.org/},
	year = {2020},
	Bdsk-Url-1 = {https://www.R-project.org/}}

@manual{glmmadaptive,
	author = {Dimitris Rizopoulos},
	note = {R package version 0.8-0},
	title = {GLMMadaptive: Generalized Linear Mixed Models using Adaptive Gaussian Quadrature},
	url = {https://CRAN.R-project.org/package=GLMMadaptive},
	year = {2021},
	Bdsk-Url-1 = {https://CRAN.R-project.org/package=GLMMadaptive}}

@article{bianconcini2012estimation,
	author = {Bianconcini, Silvia and Cagnone, Silvia},
	journal = {Journal of Multivariate Analysis},
	pages = {183--193},
	publisher = {Elsevier},
	title = {Estimation of generalized linear latent variable models via fully exponential Laplace approximation},
	volume = {112},
	year = {2012}}

@article{jin2020note,
	author = {Jin, Shaobo and Andersson, Bj{\"o}rn},
	journal = {Biometrika},
	number = {3},
	pages = {737--744},
	publisher = {Oxford University Press},
	title = {A note on the accuracy of adaptive Gauss--Hermite quadrature},
	volume = {107},
	year = {2020}}

@article{liu1994note,
	author = {Liu, Qing and Pierce, Donald A},
	journal = {Biometrika},
	number = {3},
	pages = {624--629},
	publisher = {Oxford University Press},
	title = {A note on Gauss?Hermite quadrature},
	volume = {81},
	year = {1994}}

@article{pinheiro1995approximations,
	author = {Pinheiro, Jos{\'e} C and Bates, Douglas M},
	journal = {Journal of computational and Graphical Statistics},
	number = {1},
	pages = {12--35},
	publisher = {Taylor \& Francis},
	title = {Approximations to the log-likelihood function in the nonlinear mixed-effects model},
	volume = {4},
	year = {1995}}

@book{butler2007saddlepoint,
	author = {Butler, Ronald W.},
	collection = {Cambridge Series in Statistical and Probabilistic Mathematics},
	place = {Cambridge},
	publisher = {Cambridge University Press},
	series = {Cambridge Series in Statistical and Probabilistic Mathematics},
	title = {Saddlepoint Approximations with Applications},
	year = {2007}}

@inproceedings{handayani2017comparative,
	author = {Handayani, Dian and Notodiputro, Khairil Anwar and Sadik, Kusman and Kurnia, Anang},
	booktitle = {AIP Conference Proceedings},
	number = {1},
	organization = {AIP Publishing LLC},
	pages = {020033},
	title = {A comparative study of approximation methods for maximum likelihood estimation in generalized linear mixed models (GLMM)},
	volume = {1827},
	year = {2017}}

@article{pinheiro2006efficient,
	author = {Pinheiro, Jos{\'e} C and Chao, Edward C},
	journal = {Journal of Computational and Graphical Statistics},
	number = {1},
	pages = {58--81},
	publisher = {Taylor \& Francis},
	title = {Efficient Laplacian and adaptive Gaussian quadrature algorithms for multilevel generalized linear mixed models},
	volume = {15},
	year = {2006}}

@article{lme4,
	author = {Douglas Bates and Martin M{\"a}chler and Ben Bolker and Steve Walker},
	doi = {10.18637/jss.v067.i01},
	journal = {Journal of Statistical Software},
	number = {1},
	pages = {1--48},
	title = {Fitting Linear Mixed-Effects Models Using {lme4}},
	volume = {67},
	year = {2015},
	Bdsk-Url-1 = {https://doi.org/10.18637/jss.v067.i01}}

@book{rudin1987real,
	author = {Rudin, W.},
	date-modified = {2021-07-22 18:08:02 +0200},
	edition = {3},
	publisher = {McGraw-Hill Education},
	series = {McGraw-Hill Series in Higher Mathemtatics},
	title = {Real and Complex Analysis},
	year = {1987}}

@book{davis2007methods,
	author = {Davis, Philip J and Rabinowitz, Philip},
	publisher = {Courier Corporation},
	title = {Methods of numerical integration},
	year = {2007}}

@book{mcculloch2008generalized,
	author = {Charles E. McCulloch, Shayle R. Searle, John M. Neuhaus},
	date-added = {2021-07-14 18:47:12 +0200},
	date-modified = {2021-07-14 18:51:18 +0200},
	publisher = {John Wiley \& Sons},
	title = {Generalized, linear, and mixed models},
	volume = {2},
	year = {2008}}

@article{bolker2009generalized,
	author = {Bolker, Benjamin M and Brooks, Mollie E and Clark, Connie J and Geange, Shane W and Poulsen, John R and Stevens, M Henry H and White, Jada-Simone S},
	journal = {Trends in ecology \& evolution},
	number = {3},
	pages = {127--135},
	publisher = {Elsevier},
	title = {Generalized linear mixed models: a practical guide for ecology and evolution},
	volume = {24},
	year = {2009}}

@book{jiang2021linear,
	author = {Jiang, Jiming and Nguyen, Thuan},
	publisher = {Springer Nature},
	title = {Linear and generalized linear mixed models and their applications},
	year = {2021}}

@article{tuerlinckx2006statistical,
	author = {Tuerlinckx, Francis and Rijmen, Frank and Verbeke, Geert and De Boeck, Paul},
	journal = {British Journal of Mathematical and Statistical Psychology},
	number = {2},
	pages = {225--255},
	publisher = {Wiley Online Library},
	title = {Statistical inference in generalized linear mixed models: A review},
	volume = {59},
	year = {2006}}

@article{jiang1998consistent,
	author = {Jiang, Jiming},
	journal = {Journal of the American Statistical Association},
	number = {442},
	pages = {720--729},
	publisher = {Taylor \& Francis},
	title = {Consistent estimators in generalized linear mixed models},
	volume = {93},
	year = {1998}}

@article{nie2006strong,
	author = {Nie, Lei},
	journal = {Metrika},
	number = {2},
	pages = {123--143},
	publisher = {Springer},
	title = {Strong consistency of the maximum likelihood estimator in generalized linear and nonlinear mixed-effects models},
	volume = {63},
	year = {2006}}

@book{lehmann2006theory,
	author = {Lehmann, Erich L and Casella, George},
	publisher = {Springer Science \& Business Media},
	title = {Theory of point estimation},
	year = {2006}}

@article{albertanderson1984,
	author = {A. Albert and J. A. Anderson},
	journal = {Biometrika},
	number = {1},
	pages = {1--10},
	publisher = {[Oxford University Press, Biometrika Trust]},
	title = {On the Existence of Maximum Likelihood Estimates in Logistic Regression Models},
	url = {http://www.jstor.org/stable/2336390},
	volume = {71},
	year = {1984},
	Bdsk-Url-1 = {http://www.jstor.org/stable/2336390}}

@article{ogden2017asymptotic,
	author = {Ogden, HE},
	journal = {Biometrika},
	number = {1},
	pages = {153--164},
	publisher = {Oxford University Press},
	title = {On asymptotic validity of naive inference with an approximate likelihood},
	volume = {104},
	year = {2017}}

@article{kosmidisfirth2021,
	author = {Kosmidis, Ioannis and Firth, David},
	doi = {10.1093/biomet/asaa052},
	eprint = {https://academic.oup.com/biomet/article-pdf/108/1/71/36441114/asaa052.pdf},
	journal = {Biometrika},
	month = {08},
	number = {1},
	pages = {71-82},
	title = {{Jeffreys-prior penalty, finiteness and shrinkage in binomial-response generalized linear models}},
	url = {https://doi.org/10.1093/biomet/asaa052},
	volume = {108},
	year = {2020},
	Bdsk-Url-1 = {https://doi.org/10.1093/biomet/asaa052}}

@book{mcculloch2004generalized,
	author = {McCulloch, Charles E and Searle, Shayle R},
	publisher = {John Wiley \& Sons},
	title = {Generalized, linear, and mixed models},
	year = {2004}}

@incollection{hbe4,
	author = {Whitney K. Newey and Daniel McFadden},
	pages = {2111-2245},
	publisher = {Elsevier},
	series = {Handbook of Econometrics},
	title = {Chapter 36 Large sample estimation and hypothesis testing},
	volume = {4},
	year = {1994}}

@book{vaart1998asymptotic,
	author = {Vaart, A. W. van der},
	collection = {Cambridge Series in Statistical and Probabilistic Mathematics},
	place = {Cambridge},
	publisher = {Cambridge University Press},
	series = {Cambridge Series in Statistical and Probabilistic Mathematics},
	title = {Asymptotic Statistics},
	year = {1998}}

@article{mckeon2012,
	author = {McKeon, C. Seabird and Stier, Adrian C. and McIlroy, Shelby E. and Bolker, Benjamin M.},
	journal = {Oecologia},
	number = {4},
	pages = {1095--1103},
	title = {Multiple defender effects: synergistic coral defense by mutualist crustaceans},
	volume = {169},
	year = {2012}}

@phdthesis{konis,
	author = {Konis, K},
	date-added = {2021-07-04 11:26:06 +0200},
	date-modified = {2021-07-04 11:26:48 +0200},
	school = {University of Oxford},
	title = {Linear programming algorithms for detecting separated data in binary logisticregression models},
	year = {2007}}

@article{mcculloch2005generalized,
	author = {McCulloch, Charles E and Neuhaus, John M},
	journal = {Encyclopedia of biostatistics},
	publisher = {Wiley Online Library},
	title = {Generalized linear mixed models},
	volume = {4},
	year = {2005}}

@phdthesis{kosmidisphd,
	author = {Ioannis Kosmidis},
	date-added = {2021-05-11 21:43:10 +0200},
	date-modified = {2021-05-11 21:43:42 +0200},
	school = {University of Warwick},
	title = {Bias Reduction in Exponential Family Nonlinear Models},
	year = {2007}}

@article{kf2011,
	author = {Ioannis Kosmidis and David Firth},
	journal = {Biometrika},
	number = {3},
	pages = {755--759},
	publisher = {[Oxford University Press, Biometrika Trust]},
	title = {Multinomial logit bias reduction via the Poisson log-linear model},
	volume = {98},
	year = {2011}}

@article{gkz,
	author = {Gr\"{u}n, Bettina and Kosmidis, Ioannis and Zeileis, Achim},
	doi = {10.18637/jss.v048.i11},
	journal = {Journal of Statistical Software},
	month = {01},
	title = {Extended Beta Regression in R: Shaken, Stirred, Mixed, and Partitioned},
	year = {2011},
	Bdsk-Url-1 = {https://doi.org/10.18637/jss.v048.i11}}

@article{kosmidis2014bias,
	author = {Kosmidis, Ioannis},
	journal = {Wiley Interdisciplinary Reviews: Computational Statistics},
	number = {3},
	pages = {185--196},
	publisher = {Wiley Online Library},
	title = {Bias in parametric estimation: reduction and useful side-effects},
	volume = {6},
	year = {2014}}

@article{jackknife,
	author = {Quenouille, M. H.},
	journal = {Biometrika},
	month = {12},
	number = {3-4},
	pages = {353-360},
	title = {{Notes on Bias estimation}},
	volume = {43},
	year = {1956}}

@book{efron1982jackknife,
	author = {Efron, Bradley},
	publisher = {SIAM},
	title = {The jackknife, the bootstrap and other resampling plans},
	year = {1982}}

@article{hall1988bootstrap,
	author = {Hall, Peter and Martin, Michael A},
	journal = {Biometrika},
	number = {4},
	pages = {661--671},
	publisher = {Oxford University Press},
	title = {On bootstrap resampling and iteration},
	volume = {75},
	year = {1988}}

@book{efron1994introduction,
	author = {Efron, Bradley and Tibshirani, Robert J},
	publisher = {CRC press},
	title = {An introduction to the bootstrap},
	year = {1994}}

@book{hall2013bootstrap,
	author = {Hall, Peter},
	publisher = {Springer Science \& Business Media},
	title = {The bootstrap and Edgeworth expansion},
	year = {2013}}

@article{firth1993bias,
	author = {Firth, David},
	journal = {Biometrika},
	number = {1},
	pages = {27--38},
	publisher = {Oxford University Press},
	title = {Bias reduction of maximum likelihood estimates},
	volume = {80},
	year = {1993}}

@article{kosmidis2009bias,
	author = {Kosmidis, Ioannis and Firth, David},
	journal = {Biometrika},
	number = {4},
	pages = {793--804},
	publisher = {Oxford University Press},
	title = {Bias reduction in exponential family nonlinear models},
	volume = {96},
	year = {2009}}

@article{kosmidis2010generic,
	author = {Kosmidis, Ioannis and Firth, David and others},
	journal = {Electronic Journal of Statistics},
	pages = {1097--1112},
	publisher = {The Institute of Mathematical Statistics and the Bernoulli Society},
	title = {A generic algorithm for reducing bias in parametric estimation},
	volume = {4},
	year = {2010}}

@article{coxsnell,
	author = {D. R. Cox and E. J. Snell},
	journal = {Journal of the Royal Statistical Society. Series B (Methodological)},
	number = {2},
	pages = {248--275},
	publisher = {[Royal Statistical Society, Wiley]},
	title = {A General Definition of Residuals},
	volume = {30},
	year = {1968}}

@book{mccullagh2018tensor,
	author = {McCullagh, Peter},
	publisher = {Courier Dover Publications},
	title = {Tensor methods in statistics},
	year = {2018}}

@article{kosmidis2020empirical,
	author = {Kosmidis, Ioannis and Lunardon, Nicola},
	journal = {arXiv preprint arXiv:2001.03786},
	title = {Empirical bias-reducing adjustments to estimating functions},
	year = {2020}}

@misc{chernozhukov2018double,
	author = {Chernozhukov, Victor and Chetverikov, Denis and Demirer, Mert and Duflo, Esther and Hansen, Christian and Newey, Whitney and Robins, James},
	publisher = {Oxford University Press Oxford, UK},
	title = {Double/debiased machine learning for treatment and structural parameters},
	year = {2018}}

@book{cox,
	author = {Cox, David Roxbee and Hinkley, David Victor},
	publisher = {CRC Press},
	title = {Theoretical statistics},
	year = {1979}}


@book{mccullagh+nelder:1989,
  title =        {Generalized Linear Models},
  author =       {McCullagh, P. and Nelder, John A.},
  year =         1989,
  edition =      {2nd},
  number =       37,
  publisher =    {{Chapman \& Hall/CRC}},
  address =      {{Boca Raton}}
}


@incollection{bolker:2015,
  title =        {Linear and Generalized Linear Mixed Models},
  booktitle =    {Ecological {{Statistics}}},
  author =       {Bolker, Benjamin M.},
  editor =       {Fox, Gordon A. and {Negrete-Yankelevich}, Simoneta
                  and Sosa, Vinicio J.},
  year =         2015,
  pages =        {309--333},
  publisher =    {{Oxford University Press}},
  doi =          {10.1093/acprof:oso/9780199672547.003.0014},
  isbn =         {978-0-19-967254-7}
}

@article{nash+varadhan:2011,
  title =        {Unifying Optimization Algorithms to Aid
                  Software System Users: \textbf{optimx} for
                  {R}},
  volume =       43,
  issn =         {1548--7660},
  url =          {http://www.jstatsoft.org/v43/i09/},
  doi =          {10.18637/jss.v043.i09},
  number =       9,
  journal =      {Journal of Statistical Software},
  author =       {Nash, John C. and Varadhan, Ravi},
  year =         2011
}


@article{liu+pierce:1994,
  title =        {A Note on {G}auss-{H}ermite Quadrature},
  volume =       81,
  doi =          {10.2307/2337136},
  number =       3,
  journal =      {Biometrika},
  author =       {Liu, Qing and Pierce, Donald A.},
  year =         1994,
  pages =        {624--629}
}


@article{pinheiro+bates:1995,
	title = {Approximations to the {Log}-{Likelihood} {Function} in the {Nonlinear} {Mixed}-{Effects} {Model}},
	volume = {4},
	doi = {10.2307/1390625},
	number = {1},
	journal = {Journal of Computational and Graphical Statistics},
	author = {Pinheiro, Jos\'{e} C. and Bates, Douglas M.},
	year = {1995},
	pages = {12--35}
}

@article{chung+etal:2015,
	author = {Chung, Yeojin and Gelman, Andrew and Rabe-Hesketh, Sophia and Liu, Jingchen and Dorie, Vincent},
	journal = {Journal of Educational and Behavioral Statistics},
	number = {2},
	pages = {136--157},
	publisher = {Sage Publications Sage CA: Los Angeles, CA},
	title = {Weakly informative prior for point estimation of covariance matrices in hierarchical models},
	volume = {40},
	year = {2015}}

@Manual{glmmsr,
  title =        {glmmsr: Fit a Generalized Linear Mixed Model},
  author =       {Helen Ogden},
  year =         2019,
  note =         {R package version 0.2.3},
  url =          {https://CRAN.R-project.org/package=glmmsr},
}




@article{zehna:1966,
  title =        {Invariance of {Maximum} {Likelihood} {Estimators}},
  volume =       37,
  doi =          {10.1214/aoms/1177699475},
  number =       3,
  journal =      {The Annals of Mathematical Statistics},
  author =       {Zehna, Peter W.},
  year =         1966,
  pages =        {744--744}
}
